% Bibliografía para el TFG
% Plataforma web para la visualización y predicción del consumo energético doméstico

@article{atzori2010internet,
  title={The internet of things: A survey},
  author={Atzori, Luigi and Iera, Antonio and Morabito, Giacomo},
  journal={Computer networks},
  volume={54},
  number={15},
  pages={2787--2805},
  year={2010},
  publisher={Elsevier}
}

@article{ahmad2018review,
  title={A review on applications of ANN and SVM for building electrical energy consumption forecasting},
  author={Ahmad, Muhammad Waseem and Mourshed, Monjur and Mundow, Darian and Sisinni, Marco and Rezgui, Yacine},
  journal={Renewable and Sustainable Energy Reviews},
  volume={33},
  pages={102--109},
  year={2018},
  publisher={Elsevier}
}

@article{haben2016review,
  title={Review of low voltage load forecasting: Methods, applications, and recommendations},
  author={Haben, Stephen and Singleton, Charlene and Grindrod, Peter},
  journal={Applied Energy},
  volume={178},
  pages={193--204},
  year={2016},
  publisher={Elsevier}
}

@article{shi2018deep,
  title={Deep learning for household load forecasting—a novel pooling deep RNN},
  author={Shi, Heng and Xu, Minghao and Li, Ran},
  journal={IEEE Transactions on Smart Grid},
  volume={9},
  number={5},
  pages={5271--5280},
  year={2018},
  publisher={IEEE}
}

@book{banks2017react,
  title={Learning React: Functional Web Development with React and Redux},
  author={Banks, Alex and Porcello, Eve},
  year={2017},
  publisher={O'Reilly Media}
}

@article{hernandez2013artificial,
  title={Artificial neural networks for short-term load forecasting in microgrids environment},
  author={Hernández, Luis and Baladrón, Carlos and Aguiar, Javier M and Carro, Belén and Sánchez-Esguevillas, Antonio J and Lloret, Jaime},
  journal={Energy},
  volume={75},
  pages={252--264},
  year={2013},
  publisher={Elsevier}
}

@article{pao2006forecasting,
  title={Forecasting energy consumption in Taiwan using hybrid nonlinear models},
  author={Pao, Hsiao-Tien},
  journal={Energy},
  volume={31},
  number={15},
  pages={2438--2452},
  year={2006},
  publisher={Elsevier}
}

@article{tian2018approach,
  title={An approach for residential load forecasting based on deep recurrent neural networks},
  author={Tian, Chao and Ma, Jixin and Zhang, Chao and Zhan, Peng},
  journal={Journal of Electrical Engineering \& Technology},
  volume={13},
  number={5},
  pages={1884--1891},
  year={2018},
  publisher={Springer}
}

@article{froehlich2010sensing,
  title={Sensing and feedback of everyday activities to promote environmental behaviors},
  author={Froehlich, Jon and Everitt, Katherine and Fogarty, James and Patel, Shwetak and Landay, James A},
  journal={User Modeling and User-Adapted Interaction},
  volume={20},
  number={1},
  pages={187--206},
  year={2010},
  publisher={Springer}
}

@article{gustafsson2009power,
  title={Power explorer: a casual game style for encouraging long term behavior change among teenage electricity consumers},
  author={Gustafsson, Anton and Bång, Magnus and Svahn, Mattias},
  journal={ACE '09: Proceedings of the International Conference on Advances in Computer Entertainment Technology},
  pages={182--189},
  year={2009}
}

@article{fischer2008feedback,
  title={What energy information displays in homes achieve? Evidence from the UK},
  author={Fischer, Corinna},
  journal={Energy Policy},
  volume={36},
  number={3},
  pages={1099--1104},
  year={2008},
  publisher={Elsevier}
}

@article{lange2020digitalization,
  title={Digitalization and energy consumption. Does ICT reduce energy demand?},
  author={Lange, Steffen and Pohl, Johanna and Santarius, Tilman},
  journal={Ecological Economics},
  volume={176},
  pages={106760},
  year={2020},
  publisher={Elsevier}
}

@misc{un2015transforming,
  title={Transforming our world: the 2030 Agenda for Sustainable Development},
  author={{United Nations}},
  year={2015},
  publisher={United Nations General Assembly}
}

@misc{iea2023,
  title={Energy Efficiency 2023},
  author={{International Energy Agency}},
  year={2023},
  url={https://www.iea.org/reports/energy-efficiency-2023},
  note={Accessed: July 15, 2023}
}

@misc{iea2022digitalization,
  title={Digitalisation and Energy},
  author={{International Energy Agency}},
  year={2022},
  url={https://www.iea.org/reports/digitalisation-and-energy},
  note={Accessed: July 15, 2023}
}

@misc{european_green_deal,
  title={The European Green Deal},
  author={{European Commission}},
  year={2019},
  url={https://ec.europa.eu/info/strategy/priorities-2019-2024/european-green-deal_en},
  note={Accessed: July 15, 2023}
}

@article{kelly2015uk,
  title={The UK-DALE dataset, domestic appliance-level electricity demand and whole-house demand from five UK homes},
  author={Kelly, Jack and Knottenbelt, William},
  journal={Scientific Data},
  volume={2},
  number={1},
  pages={1--14},
  year={2015},
  publisher={Nature Publishing Group}
}

@misc{uci_household,
  title={Individual household electric power consumption Data Set},
  author={{UCI Machine Learning Repository}},
  year={2007},
  url={https://archive.ics.uci.edu/ml/datasets/individual+household+electric+power+consumption},
  note={Accessed: July 15, 2023}
}

@article{hasan2020iot,
  title={IoT and cloud-based energy management system for household applications},
  author={Hasan, Md Monirul and others},
  journal={Sensors},
  volume={20},
  number={7},
  pages={2005},
  year={2020},
  publisher={Multidisciplinary Digital Publishing Institute}
}

@book{russell2016artificial,
  title={Artificial intelligence: a modern approach},
  author={Russell, Stuart J and Norvig, Peter},
  year={2016},
  publisher={Malaysia; Pearson Education Limited}
}

@article{nielsen2016building,
  title={Building energy efficiency: A review of the literature and directions for future research},
  author={Nielsen, Peter Sejr and others},
  journal={Energy and Buildings},
  volume={120},
  pages={103--115},
  year={2016},
  publisher={Elsevier}
}

@inproceedings{rashid2011home,
  title={Home energy management for smart grid},
  author={Rashid, Haroon and Singh, Pushpendra and Stankovic, Vladimir and Stankovic, Lina},
  booktitle={IEEE ISGT 2011},
  pages={1--6},
  year={2011},
  organization={IEEE}
}

@article{ramos2015smart,
  title={Smart grid communications and security: The green house as an example},
  author={Ramos, Cristina and others},
  journal={IEEE Communications Magazine},
  volume={53},
  number={5},
  pages={46--52},
  year={2015},
  publisher={IEEE}
}

@book{richardson2013restful,
  title={RESTful web APIs: services for a changing world},
  author={Richardson, Leonard and Amundsen, Mike and Ruby, Sam},
  year={2013},
  publisher={O'Reilly Media, Inc.}
}

@article{alahakoon2016smart,
  title={Smart electricity meter data intelligence for future energy systems: A survey},
  author={Alahakoon, Damminda and Yu, Xinghuo},
  journal={IEEE Transactions on Industrial Informatics},
  volume={12},
  number={1},
  pages={425--436},
  year={2016},
  publisher={IEEE}
}

@inproceedings{beckel2014revealing,
  title={Revealing household characteristics from smart meter data},
  author={Beckel, Christian and others},
  booktitle={Proceedings of the 8th international conference on ubiquitous computing},
  pages={1146--1157},
  year={2014}
}

@article{chen2017big,
  title={Big data analytics for energy efficiency and sustainability in buildings},
  author={Chen, Jingjing and others},
  journal={Applied Energy},
  volume={187},
  pages={550--566},
  year={2017},
  publisher={Elsevier}
}

@article{molina2019distributed,
  title={Distributed energy resources in microgrids: Integration, challenges and optimization},
  author={Molina, Mauricio G and others},
  journal={Renewable and Sustainable Energy Reviews},
  volume={100},
  pages={117--130},
  year={2019},
  publisher={Elsevier}
}
